% This file was created with JabRef 2.4.2.
% Encoding: UTF8

@STRING{IEEE_J_AC = {{IEEE} Transactions on Automatic Control}}

@STRING{IEEE_J_ADVP = {{IEEE} Transactions on Advanced Packaging}}

@STRING{IEEE_J_AES = {{IEEE} Transactions on Aerospace and Electronic Systems}}

@STRING{IEEE_J_AIRE = {{IEEE} Transactions on Airborne Electronics}}

@STRING{IEEE_J_ANE = {{IEEE} Transactions on Aerospace and Navigational Electronics}}

@STRING{IEEE_J_ANNE = {{IEEE} Transactions on Aeronautical and Navigational Electronics}}

@STRING{IEEE_J_AP = {{IEEE} Transactions on Antennas and Propagation}}

@STRING{IEEE_J_APPIND = {{IEEE} Transactions on Applications and Industry}}

@STRING{IEEE_J_AS = {{IEEE} Transactions on Aerospace}}

@STRING{IEEE_J_ASC = {{IEEE} Transactions on Applied Superconductivity}}

@STRING{IEEE_J_ASE = {{IEEE} Transactions on Automation Science and Engineering}}

@STRING{IEEE_J_ASSP = {{IEEE} Transactions on Acoustics, Speech, and Signal Processing}}

@STRING{IEEE_J_AU = {{IEEE} Transactions on Audio}}

@STRING{IEEE_J_AUEA = {{IEEE} Transactions on Audio and Electroacoustics}}

@STRING{IEEE_J_AWPL = {{IEEE} Antennas and Wireless Propagation Letters}}

@STRING{IEEE_J_B-ME = {{IEEE} Transactions on Bio-Medical Engineering}}

@STRING{IEEE_J_BC = {{IEEE} Transactions on Broadcasting}}

@STRING{IEEE_J_BCAS = {{IEEE} Transactions on Biomedical Circuits and Systems}}

@STRING{IEEE_J_BCTV = {{IEEE} Transactions on Broadcast and Television Receivers}}

@STRING{IEEE_J_BME = {{IEEE} Transactions on Biomedical Engineering}}

@STRING{IEEE_J_BMELC = {{IEEE} Transactions on Bio-Medical Electronics}}

@STRING{IEEE_J_C = {{IEEE} Transactions on Computers}}

@STRING{IEEE_J_CAD = {{IEEE} Transactions on Computer-Aided Design of Integrated Circuits
	and Systems}}

@STRING{IEEE_J_CAL = {{IEEE} Computer Architecture Letters}}

@STRING{IEEE_J_CAPT = {{IEEE} Transactions on Components and Packaging Technology}}

@STRING{IEEE_J_CAPTS = {{IEEE} Transactions on Components and Packaging Technologies}}

@STRING{IEEE_J_CAS = {{IEEE} Transactions on Circuits and Systems}}

@STRING{IEEE_J_CASI = {{IEEE} Transactions on Circuits and Systems---Part {I}: Fundamental
	Theory and Applications}}

@STRING{IEEE_J_CASI_RP = {{IEEE} Transactions on Circuits and Systems---Part {I}: Regular Papers}}

@STRING{IEEE_J_CASII = {{IEEE} Transactions on Circuits and Systems---Part {II}: Analog and
	Digital Signal Processing}}

@STRING{IEEE_J_CASII_EB = {{IEEE} Transactions on Circuits and Systems---Part {II}: Express
	Briefs}}

@STRING{IEEE_J_CASVT = {{IEEE} Transactions on Circuits and Systems for Video Technology}}

@STRING{IEEE_J_CBB = {{IEEE/ACM} Transactions on Computational Biology and Bioinformatics}}

@STRING{IEEE_J_CE = {{IEEE} Transactions on Consumer Electronics}}

@STRING{IEEE_J_CHMT = {{IEEE} Transactions on Components, Hybrids and Manufacturing Technology}}

@STRING{IEEE_J_CJECE = {Canadian Journal of Electrical and Computer Engineering}}

@STRING{IEEE_J_COM = {{IEEE} Transactions on Communications}}

@STRING{IEEE_J_COML = {{IEEE} Communications Letters}}

@STRING{IEEE_J_COMT = {{IEEE} Transactions on Communication Technology}}

@STRING{IEEE_J_CPART = {{IEEE} Transactions on Component Parts}}

@STRING{IEEE_J_CPMTA = {{IEEE} Transactions on Components, Packaging and Manufacturing Technology---Part
	{A}}}

@STRING{IEEE_J_CPMTB = {{IEEE} Transactions on Components, Packaging and Manufacturing Technology---Part
	{B}: Advanced Packaging}}

@STRING{IEEE_J_CPMTC = {{IEEE} Transactions on Components, Packaging and Manufacturing Technology---Part
	{C}: Manufacturing}}

@STRING{IEEE_J_CST = {{IEEE} Transactions on Control Systems Technology}}

@STRING{IEEE_J_CT = {{IEEE} Transactions on Circuit Theory}}

@STRING{IEEE_J_DEI = {{IEEE} Transactions on Dielectrics and Electrical Insulation}}

@STRING{IEEE_J_DMR = {{IEEE} Transactions on Device and Materials Reliability}}

@STRING{IEEE_J_DSC = {{IEEE} Transactions on Dependable and Secure Computing}}

@STRING{IEEE_J_EC = {{IEEE} Transactions on Energy Conversion}}

@STRING{IEEE_J_ECOMP = {{IEEE} Transactions on Electronic Computers}}

@STRING{IEEE_J_ED = {{IEEE} Transactions on Electron Devices}}

@STRING{IEEE_J_EDL = {{IEEE} Electron Device Letters}}

@STRING{IEEE_J_EDU = {{IEEE} Transactions on Education}}

@STRING{IEEE_J_EI = {{IEEE} Transactions on Electrical Insulation}}

@STRING{IEEE_J_EM = {{IEEE} Transactions on Engineering Management}}

@STRING{IEEE_J_EMC = {{IEEE} Transactions on Electromagnetic Compatibility}}

@STRING{IEEE_J_EPM = {{IEEE} Transactions on Electronics Packaging Manufacturing}}

@STRING{IEEE_J_ESSL = {{IEEE/ECS} Electrochemical and Solid-State Letters}}

@STRING{IEEE_J_EVC = {{IEEE} Transactions on Evolutionary Computation}}

@STRING{IEEE_J_EWS = {{IEEE} Transactions on Engineering Writing and Speech}}

@STRING{IEEE_J_FUZZ = {{IEEE} Transactions on Fuzzy Systems}}

@STRING{IEEE_J_GE = {{IEEE} Transactions on Geoscience Electronics}}

@STRING{IEEE_J_GRS = {{IEEE} Transactions on Geoscience and Remote Sensing}}

@STRING{IEEE_J_GRSL = {{IEEE} Geoscience and Remote Sensing Letters}}

@STRING{IEEE_J_H = {{IEEE} Transactions on Haptics}}

@STRING{IEEE_J_HFE = {{IEEE} Transactions on Human Factors in Electronics}}

@STRING{IEEE_J_IA = {{IEEE} Transactions on Industry Applications}}

@STRING{IEEE_J_IE = {{IEEE} Transactions on Industrial Electronics}}

@STRING{IEEE_J_IECI = {{IEEE} Transactions on Industrial Electronics and Control Instrumentation}}

@STRING{IEEE_J_IFS = {{IEEE} Transactions on Information Forensics and Security}}

@STRING{IEEE_J_IGA = {{IEEE} Transactions on Industry and General Applications}}

@STRING{IEEE_J_IINF = {{IEEE} Transactions on Industrial Informatics}}

@STRING{IEEE_J_IM = {{IEEE} Transactions on Instrumentation and Measurement}}

@STRING{IEEE_J_IP = {{IEEE} Transactions on Image Processing}}

@STRING{IEEE_J_IT = {{IEEE} Transactions on Information Theory}}

@STRING{IEEE_J_ITBM = {{IEEE} Transactions on Information Technology in Biomedicine}}

@STRING{IEEE_J_ITS = {{IEEE} Transactions on Intelligent Transportation Systems}}

@STRING{IEEE_J_JDT = {{IEEE/OSA} Journal of Display Technology}}

@STRING{IEEE_J_JEM = {{IEEE/TMS} Journal of Electronic Materials}}

@STRING{IEEE_J_JLT = {{IEEE/OSA} Journal of Lightwave Technology}}

@STRING{IEEE_J_JQE = {{IEEE} Journal of Quantum Electronics}}

@STRING{IEEE_J_JRA = {{IEEE} Journal of Robotics and Automation}}

@STRING{IEEE_J_JSAC = {{IEEE} Journal on Selected Areas in Communications}}

@STRING{IEEE_J_JSSC = {{IEEE} Journal of Solid-State Circuits}}

@STRING{IEEE_J_JSTQE = {{IEEE} Journal of Selected Topics in Quantum Electronics}}

@STRING{IEEE_J_KDE = {{IEEE} Transactions on Knowledge and Data Engineering}}

@STRING{IEEE_J_LT = {{IEEE} Transactions on Learning Technologies}}

@STRING{IEEE_J_MAG = {{IEEE} Transactions on Magnetics}}

@STRING{IEEE_J_MC = {{IEEE} Transactions on Mobile Computing}}

@STRING{IEEE_J_ME = {{IEEE} Transactions on Medical Electronics}}

@STRING{IEEE_J_MECH = {{IEEE/ASME} Transactions on Mechatronics}}

@STRING{IEEE_J_MEMS = {{IEEE/ASME} Journal of Microelectromechanical Systems}}

@STRING{IEEE_J_MFT = {{IEEE} Transactions on Manufacturing Technology}}

@STRING{IEEE_J_MGWL = {{IEEE} Microwave and Guided Wave Letters}}

@STRING{IEEE_J_MI = {{IEEE} Transactions on Medical Imaging}}

@STRING{IEEE_J_MIL = {{IEEE} Transactions on Military Electronics}}

@STRING{IEEE_J_MM = {{IEEE} Transactions on Multimedia}}

@STRING{IEEE_J_MMS = {{IEEE} Transactions on Man-Machine Systems}}

@STRING{IEEE_J_MTT = {{IEEE} Transactions on Microwave Theory and Techniques}}

@STRING{IEEE_J_MWCL = {{IEEE} Microwave and Wireless Components Letters}}

@STRING{IEEE_J_NANO = {{IEEE} Transactions on Nanotechnology}}

@STRING{IEEE_J_NB = {{IEEE} Transactions on NanoBioscience}}

@STRING{IEEE_J_NET = {{IEEE/ACM} Transactions on Networking}}

@STRING{IEEE_J_NN = {{IEEE} Transactions on Neural Networks}}

@STRING{IEEE_J_NS = {{IEEE} Transactions on Nuclear Science}}

@STRING{IEEE_J_NSM = {{IEEE} Transactions on Network and Service Management}}

@STRING{IEEE_J_NSRE = {{IEEE} Transactions on Neural Systems and Rehabilitation Engineering}}

@STRING{IEEE_J_OE = {{IEEE} Journal of Oceanic Engineering}}

@STRING{IEEE_J_PAMI = {{IEEE} Transactions on Pattern Analysis and Machine Intelligence}}

@STRING{IEEE_J_PC = {{IEEE} Transactions on Professional Communication}}

@STRING{IEEE_J_PDS = {{IEEE} Transactions on Parallel and Distributed Systems}}

@STRING{IEEE_J_PEL = {{IEEE} Power Electronics Letters}}

@STRING{IEEE_J_PHP = {{IEEE} Transactions on Parts, Hybrids and Packaging}}

@STRING{IEEE_J_PMP = {{IEEE} Transactions on Parts, Materials and Packaging}}

@STRING{IEEE_J_PROC = {Proceedings of the {IEEE}}}

@STRING{IEEE_J_PS = {{IEEE} Transactions on Plasma Science}}

@STRING{IEEE_J_PSE = {{IEEE} Journal of Product Safety Engineering}}

@STRING{IEEE_J_PTL = {{IEEE} Photonics Technology Letters}}

@STRING{IEEE_J_PWRAS = {{IEEE} Transactions on Power Apparatus and Systems}}

@STRING{IEEE_J_PWRD = {{IEEE} Transactions on Power Delivery}}

@STRING{IEEE_J_PWRE = {{IEEE} Transactions on Power Electronics}}

@STRING{IEEE_J_PWRS = {{IEEE} Transactions on Power Systems}}

@STRING{IEEE_J_R = {{IEEE} Transactions on Reliability}}

@STRING{IEEE_J_RA = {{IEEE} Transactions on Robotics and Automation}}

@STRING{IEEE_J_RBME = {{IEEE} Reviews in Biomedical Engineering}}

@STRING{IEEE_J_RE = {{IEEE} Transactions on Rehabilitation Engineering}}

@STRING{IEEE_J_RFI = {{IEEE} Transactions on Radio Frequency Interference}}

@STRING{IEEE_J_RO = {{IEEE} Transactions on Robotics}}

@STRING{IEEE_J_SAP = {{IEEE} Transactions on Speech and Audio Processing}}

@STRING{IEEE_J_SC = {{IEEE} Transactions on Services Computing}}

@STRING{IEEE_J_SE = {{IEEE} Transactions on Software Engineering}}

@STRING{IEEE_J_SENSOR = {{IEEE} Sensors Journal}}

@STRING{IEEE_J_SM = {{IEEE} Transactions on Semiconductor Manufacturing}}

@STRING{IEEE_J_SMC = {{IEEE} Transactions on Systems, Man, and Cybernetics}}

@STRING{IEEE_J_SMCA = {{IEEE} Transactions on Systems, Man, and Cybernetics---Part {A}:
	Systems and Humans}}

@STRING{IEEE_J_SMCB = {{IEEE} Transactions on Systems, Man, and Cybernetics---Part {B}:
	Cybernetics}}

@STRING{IEEE_J_SMCC = {{IEEE} Transactions on Systems, Man, and Cybernetics---Part {C}:
	Applications and Reviews}}

@STRING{IEEE_J_SP = {{IEEE} Transactions on Signal Processing}}

@STRING{IEEE_J_SPL = {{IEEE} Signal Processing Letters}}

@STRING{IEEE_J_SSC = {{IEEE} Transactions on Systems Science and Cybernetics}}

@STRING{IEEE_J_STARS = {{IEEE} Journal of Selected Topics in Applied Earth Observations and
	Remote Sensing}}

@STRING{IEEE_J_STSP = {{IEEE} Journal of Selected Topics in Signal Processing}}

@STRING{IEEE_J_SU = {{IEEE} Transactions on Sonics and Ultrasonics}}

@STRING{IEEE_J_SYST = {{IEEE} Systems Journal}}

@STRING{IEEE_J_TCAD = {{IEEE} Journal on Technology in Computer Aided Design}}

@STRING{IEEE_J_TJMJ = {{IEEE} Translation Journal on Magnetics in Japan}}

@STRING{IEEE_J_UE = {{IEEE} Transactions on Ultrasonics Engineering}}

@STRING{IEEE_J_UFFC = {{IEEE} Transactions on Ultrasonics, Ferroelectrics, and Frequency
	Control}}

@STRING{IEEE_J_VC = {{IEEE} Transactions on Vehicular Communications}}

@STRING{IEEE_J_VCG = {{IEEE} Transactions on Visualization and Computer Graphics}}

@STRING{IEEE_J_VLSI = {{IEEE} Transactions on Very Large Scale Integration ({VLSI}) Systems}}

@STRING{IEEE_J_VT = {{IEEE} Transactions on Vehicular Technology}}

@STRING{IEEE_J_WCOM = {{IEEE} Transactions on Wireless Communications}}

@STRING{IEEE_M_AES = {{IEEE} Aerospace and Electronics Systems Magazine}}

@STRING{IEEE_M_AP = {{IEEE} Antennas and Propagation Magazine}}

@STRING{IEEE_M_ASSP = {{IEEE} {ASSP} Magazine}}

@STRING{IEEE_M_C = {{IEEE} Computer}}

@STRING{IEEE_M_CAP = {{IEEE} Computer Applications in Power}}

@STRING{IEEE_M_CAS = {{IEEE} Circuits and Systems Magazine}}

@STRING{IEEE_M_CD = {{IEEE} Circuits and Devices Magazine}}

@STRING{IEEE_M_CGA = {{IEEE} Computer Graphics and Applications}}

@STRING{IEEE_M_CIM = {{IEEE} Computational Intelligence Magazine}}

@STRING{IEEE_M_COM = {{IEEE} Communications Magazine}}

@STRING{IEEE_M_COMSOC = {{IEEE} Communications Society Magazine}}

@STRING{IEEE_M_CONC = {{IEEE} Concurrency}}

@STRING{IEEE_M_CS = {{IEEE} Control Systems Magazine}}

@STRING{IEEE_M_CSE = {{IEEE} Computing in Science and Engineering}}

@STRING{IEEE_M_CSEM = {{IEEE} Computational Science and Engineering Magazine}}

@STRING{IEEE_M_DTC = {{IEEE} Design and Test of Computers}}

@STRING{IEEE_M_EI = {{IEEE} Electrical Insulation Magazine}}

@STRING{IEEE_M_EMB = {{IEEE} Engineering in Medicine and Biology Magazine}}

@STRING{IEEE_M_EMR = {{IEEE} Engineering Management Review}}

@STRING{IEEE_M_ETR = {{IEEE} ElectroTechnology Review}}

@STRING{IEEE_M_EXP = {{IEEE} Expert}}

@STRING{IEEE_M_HIST = {{IEEE} Annals of the History of Computing}}

@STRING{IEEE_M_IA = {{IEEE} Industry Applications Magazine}}

@STRING{IEEE_M_IC = {{IEEE} Internet Computing}}

@STRING{IEEE_M_IE = {{IEEE} Industrial Electronics Magazine}}

@STRING{IEEE_M_IM = {{IEEE} Instrumentation and Measurement Magazine}}

@STRING{IEEE_M_IS = {{IEEE} Intelligent Systems}}

@STRING{IEEE_M_ITP = {{IEEE} {IT} Professional}}

@STRING{IEEE_M_ITS = {{IEEE} Intelligent Transportation Systems Magazine}}

@STRING{IEEE_M_MICRO = {{IEEE} Micro}}

@STRING{IEEE_M_MM = {{IEEE} Multimedia}}

@STRING{IEEE_M_MW = {{IEEE} Microwave Magazine}}

@STRING{IEEE_M_NANO = {{IEEE} Nanotechnology Magazine}}

@STRING{IEEE_M_NET = {{IEEE} Network}}

@STRING{IEEE_M_PCOM = {{IEEE} Personal Communications Magazine}}

@STRING{IEEE_M_PE = {{IEEE} Power and Energy Magazine}}

@STRING{IEEE_M_PER = {{IEEE} Power Engineering Review}}

@STRING{IEEE_M_POT = {{IEEE} Potentials}}

@STRING{IEEE_M_PVC = {{IEEE} Pervasive Computing}}

@STRING{IEEE_M_RA = {{IEEE} Robotics and Automation Magazine}}

@STRING{IEEE_M_S = {{IEEE} Software}}

@STRING{IEEE_M_SAP = {{IEEE} Security and Privacy}}

@STRING{IEEE_M_SP = {{IEEE} Signal Processing Magazine}}

@STRING{IEEE_M_SPECT = {{IEEE} Spectrum}}

@STRING{IEEE_M_TODAY = {Today's Engineer}}

@STRING{IEEE_M_TS = {{IEEE} Technology and Society Magazine}}

@STRING{IEEE_M_VT = {{IEEE} Vehicular Technology Magazine}}

@STRING{IEEE_M_WC = {{IEEE} Wireless Communications Magazine}}

@STRING{IEEE_O_CSTO = {{IEEE} Communications Surveys and Tutorials}}

@STRING{IEEE_O_DSO = {{IEEE} Distributed Systems Online}}

@ARTICLE{BIBTEXKEYarticle,
  author = {Autor1name, Vorname AND Nachname2, Zweitervorname AND Dritternachname,
	Nocheinvorname},
  title = {Titel des Article},
  journal = {Journalname},
  year = {1978},
  volume = {Volume},
  number = {Number},
  month = {Monat},
  note = {Additional Notes you can add},
  publisher = {Verlag},
  isbn = {234ISBN543},
  issn = {553ISSN248},
  pages = {134--164},
  editor = {Herausgeber},
  address = {Verlagsort},
  booktitle = {Gesamttitel eines mehrbaendigen Werkes},
  chapter = {Kapitelnr},
  doi = {DOI},
  edition = {Edition},
  howpublished = {Ver�ffentlichtVon},
  institution = {Institution},
  key = {Sortierschluessel},
  lastchecked = {Abrufdatum},
  organization = {Organisation},
  school = {Hochschule oder Uni},
  series = {Titel der Reihe},
  timestamp = {2009.03.12},
  type = {Publikationstyp},
  url = {http://www.meinedomain.tld},
  urn = {URN}
}

@BOOK{BIBTEXKEYBook,
  title = {Titel des Book},
  publisher = {Verlag},
  year = {1978},
  editor = {Herausgeber},
  author = {Autor1name, Vorname AND Nachname2, Zweitervorname AND Dritternachname,
	Nocheinvorname},
  volume = {Volume},
  number = {Number},
  pages = {134--164},
  series = {Titel der Reihe},
  address = {Verlagsort},
  edition = {Edition},
  month = {Monat},
  note = {Additional Notes you can add},
  isbn = {234ISBN543},
  booktitle = {Gesamttitel eines mehrbaendigen Werkes},
  chapter = {Kapitelnr},
  doi = {DOI},
  howpublished = {Ver�ffentlichtVon},
  institution = {Institution},
  issn = {553ISSN248},
  journal = {Journalname},
  key = {Sortierschluessel},
  lastchecked = {Abrufdatum},
  organization = {Organisation},
  school = {Hochschule oder Uni},
  timestamp = {2009.03.12},
  type = {Publikationstyp},
  url = {http://www.meinedomain.tld},
  urn = {URN}
}

@BOOKLET{BIBTEXKEYBooklet,
  title = {Titel des Booklet},
  author = {Autor1name, Vorname AND Nachname2, Zweitervorname AND Dritternachname,
	Nocheinvorname},
  howpublished = {VeröffentlichtVon},
  lastchecked = {Abrufdatum},
  address = {Verlagsort},
  month = {Monat},
  year = {1978},
  note = {Additional Notes you can add},
  booktitle = {Gesamttitel eines mehrbaendigen Werkes},
  chapter = {Kapitelnr},
  doi = {DOI},
  edition = {Edition},
  editor = {Herausgeber},
  institution = {Institution},
  isbn = {234ISBN543},
  issn = {553ISSN248},
  journal = {Journalname},
  key = {Sortierschluessel},
  number = {Number},
  organization = {Organisation},
  pages = {134--164},
  publisher = {Verlag},
  school = {Hochschule oder Uni},
  series = {Titel der Reihe},
  timestamp = {2009.03.12},
  type = {Publikationstyp},
  url = {http://www.meinedomain.tld},
  urn = {URN},
  volume = {Volume}
}

@CONFERENCE{BIBTEXKEYconference,
  author = {Autor1name, Vorname AND Nachname2, Zweitervorname AND Dritternachname,
	Nocheinvorname},
  title = {Titel der Conference},
  booktitle = {Gesamttitel eines mehrbaendigen Werkes},
  year = {1978},
  editor = {Herausgeber},
  volume = {Volume},
  number = {Number},
  series = {Titel der Reihe},
  pages = {134--164},
  address = {Verlagsort},
  month = {Monat},
  organization = {Organisation},
  publisher = {Verlag},
  note = {Additional Notes you can add},
  chapter = {Kapitelnr},
  doi = {DOI},
  edition = {Edition},
  howpublished = {Ver�ffentlichtVon},
  institution = {Institution},
  isbn = {234ISBN543},
  issn = {553ISSN248},
  journal = {Journalname},
  key = {Sortierschluessel},
  lastchecked = {Abrufdatum},
  school = {Hochschule oder Uni},
  timestamp = {2009.03.12},
  type = {Publikationstyp},
  url = {http://www.meinedomain.tld},
  urn = {URN}
}

@ELECTRONIC{BIBTEXKEYelectronic,
  author = {Autor1name, Vorname AND Nachname2, Zweitervorname AND Dritternachname,
	Nocheinvorname},
  month = {Monat},
  year = {1978},
  title = {Titel Elektronische Quelle},
  howpublished = {VeröffentlichtVon},
  organization = {Organisation},
  address = {Verlagsort},
  note = {Additional Notes you can add},
  url = {http://www.meinedomain.tld},
  lastchecked = {Abrufdatum},
  booktitle = {Gesamttitel eines mehrbaendigen Werkes},
  chapter = {Kapitelnr},
  doi = {DOI},
  edition = {Edition},
  editor = {Herausgeber},
  institution = {Institution},
  isbn = {234ISBN543},
  issn = {553ISSN248},
  journal = {Journalname},
  key = {Sortierschluessel},
  number = {Number},
  pages = {134--164},
  publisher = {Verlag},
  school = {Hochschule oder Uni},
  series = {Titel der Reihe},
  timestamp = {2009.03.12},
  type = {Publikationstyp},
  urn = {URN},
  volume = {Volume}
}

@INBOOK{BIBTEXKEYinbook,
  chapter = {Kapitelnr},
  pages = {134--164},
  title = {Titel des Inbook},
  publisher = {Verlag},
  year = {1978},
  editor = {Herausgeber},
  author = {Autor1name, Vorname AND Nachname2, Zweitervorname AND Dritternachname,
	Nocheinvorname},
  volume = {Volume},
  number = {Number},
  series = {Titel der Reihe},
  type = {Publikationstyp},
  address = {Verlagsort},
  edition = {Edition},
  month = {Monat},
  note = {Additional Notes you can add},
  booktitle = {Gesamttitel eines mehrbaendigen Werkes},
  doi = {DOI},
  howpublished = {Ver�ffentlichtVon},
  institution = {Institution},
  isbn = {234ISBN543},
  issn = {553ISSN248},
  journal = {Journalname},
  key = {Sortierschluessel},
  lastchecked = {Abrufdatum},
  organization = {Organisation},
  school = {Hochschule oder Uni},
  timestamp = {2009.03.12},
  url = {http://www.meinedomain.tld},
  urn = {URN}
}

@INCOLLECTION{KEYincollection,
  author = {Autor1name, Vorname AND Nachname2, Zweitervorname AND Dritternachname,
	Nocheinvorname},
  title = {Titel der Incollection},
  booktitle = {Gesamttitel eines mehrbaendigen Werkes},
  publisher = {Verlag},
  year = {1978},
  editor = {Herausgeber},
  volume = {Volume},
  number = {Number},
  series = {Titel der Reihe},
  type = {Publikationstyp},
  chapter = {Kapitelnr},
  pages = {134--164},
  address = {Verlagsort},
  edition = {Edition},
  month = {Monat},
  note = {Additional Notes you can add},
  isbn = {234ISBN543},
  doi = {DOI},
  howpublished = {Ver�ffentlichtVon},
  institution = {Institution},
  issn = {553ISSN248},
  journal = {Journalname},
  key = {Sortierschluessel},
  lastchecked = {Abrufdatum},
  organization = {Organisation},
  school = {Hochschule oder Uni},
  timestamp = {2009.03.12},
  url = {http://www.meinedomain.tld},
  urn = {URN}
}

@INPROCEEDINGS{KEYinproceeding,
  author = {Autor1name, Vorname AND Nachname2, Zweitervorname AND Dritternachname,
	Nocheinvorname},
  title = {Titel des Inproceeding},
  booktitle = {Gesamttitel eines mehrbaendigen Werkes},
  year = {1978},
  editor = {Herausgeber},
  volume = {Volume},
  number = {Number},
  series = {Titel der Reihe},
  pages = {134--164},
  address = {Verlagsort},
  month = {Monat},
  organization = {Organisation},
  publisher = {Verlag},
  note = {Additional Notes you can add},
  isbn = {234ISBN543},
  chapter = {Kapitelnr},
  doi = {DOI},
  edition = {Edition},
  howpublished = {Ver�ffentlichtVon},
  institution = {Institution},
  issn = {553ISSN248},
  journal = {Journalname},
  key = {Sortierschluessel},
  lastchecked = {Abrufdatum},
  school = {Hochschule oder Uni},
  timestamp = {2009.03.12},
  type = {Publikationstyp},
  url = {http://www.meinedomain.tld},
  urn = {URN}
}

@MANUAL{KEYmanual,
  title = {Titel des Manual Handbuchs},
  author = {Autor1name, Vorname AND Nachname2, Zweitervorname AND Dritternachname,
	Nocheinvorname},
  organization = {Organisation},
  address = {Verlagsort},
  edition = {Edition},
  month = {Monat},
  year = {1978},
  note = {Additional Notes you can add},
  booktitle = {Gesamttitel eines mehrbaendigen Werkes},
  chapter = {Kapitelnr},
  doi = {DOI},
  editor = {Herausgeber},
  howpublished = {Ver�ffentlichtVon},
  institution = {Institution},
  isbn = {234ISBN543},
  issn = {553ISSN248},
  journal = {Journalname},
  key = {Sortierschluessel},
  lastchecked = {Abrufdatum},
  number = {Number},
  pages = {134--164},
  publisher = {Verlag},
  school = {Hochschule oder Uni},
  series = {Titel der Reihe},
  timestamp = {2009.03.12},
  type = {Publikationstyp},
  url = {http://www.meinedomain.tld},
  urn = {URN},
  volume = {Volume}
}

@MASTERSTHESIS{KEYmasterthesis,
  author = {Autor1name, Vorname AND Nachname2, Zweitervorname AND Dritternachname,
	Nocheinvorname},
  title = {Titel der Masterthesis},
  school = {Hochschule oder Uni},
  year = {1978},
  type = {Publikationstyp},
  address = {Verlagsort},
  month = {Monat},
  note = {Additional Notes you can add},
  booktitle = {Gesamttitel eines mehrbaendigen Werkes},
  chapter = {Kapitelnr},
  doi = {DOI},
  edition = {Edition},
  editor = {Herausgeber},
  howpublished = {Ver�ffentlichtVon},
  institution = {Institution},
  isbn = {234ISBN543},
  issn = {553ISSN248},
  journal = {Journalname},
  key = {Sortierschluessel},
  lastchecked = {Abrufdatum},
  number = {Number},
  organization = {Organisation},
  pages = {134--164},
  publisher = {Verlag},
  series = {Titel der Reihe},
  timestamp = {2009.03.12},
  url = {http://www.meinedomain.tld},
  urn = {URN},
  volume = {Volume}
}

@MISC{KEYmisc,
  author = {Autor1name, Vorname AND Nachname2, Zweitervorname AND Dritternachname,
	Nocheinvorname},
  title = {Titel dieses Misc Eintrages für fast alles verwendbar},
  howpublished = {VeröffentlichtVon},
  lastchecked = {Abrufdatum},
  month = {Monat},
  year = {1978},
  note = {Additional Notes you can add},
  editor = {Herausgeber},
  publisher = {Verlag},
  isbn = {234ISBN543},
  issn = {553ISSN248},
  address = {Verlagsort},
  booktitle = {Gesamttitel eines mehrbaendigen Werkes},
  chapter = {Kapitelnr},
  doi = {DOI},
  edition = {Edition},
  institution = {Institution},
  journal = {Journalname},
  key = {Sortierschluessel},
  number = {Number},
  organization = {Organisation},
  pages = {134--164},
  school = {Hochschule oder Uni},
  series = {Titel der Reihe},
  timestamp = {2009.03.12},
  type = {Publikationstyp},
  url = {http://www.meinedomain.tld},
  urn = {URN},
  volume = {Volume}
}

@OTHER{KEYother,
  address = {Verlagsort},
  author = {Autor1name, Vorname AND Nachname2, Zweitervorname AND Dritternachname,
	Nocheinvorname},
  title = {Titel dieses Other Eintrages},
  howpublished = {VeröffentlichtVon},
  institution = {Institution},
  url = {http://www.meinedomain.tld},
  lastchecked = {Abrufdatum},
  type = {Publikationstyp},
  edition = {Edition},
  note = {Additional Notes you can add},
  year = {1978},
  booktitle = {Gesamttitel eines mehrbaendigen Werkes},
  chapter = {Kapitelnr},
  doi = {DOI},
  editor = {Herausgeber},
  isbn = {234ISBN543},
  issn = {553ISSN248},
  journal = {Journalname},
  key = {Sortierschluessel},
  month = {Monat},
  number = {Number},
  organization = {Organisation},
  pages = {134--164},
  publisher = {Verlag},
  school = {Hochschule oder Uni},
  series = {Titel der Reihe},
  timestamp = {2009.03.12},
  urn = {URN},
  volume = {Volume}
}

@PHDTHESIS{KEYphdthesis,
  author = {Autor1name, Vorname AND Nachname2, Zweitervorname AND Dritternachname,
	Nocheinvorname},
  title = {Titel der Phd Thesis},
  school = {Hochschule oder Uni},
  year = {1978},
  type = {Publikationstyp},
  address = {Verlagsort},
  month = {Monat},
  note = {Additional Notes you can add},
  isbn = {234ISBN543},
  issn = {553ISSN248},
  editor = {Herausgeber},
  booktitle = {Gesamttitel eines mehrbaendigen Werkes},
  chapter = {Kapitelnr},
  doi = {DOI},
  edition = {Edition},
  howpublished = {Ver�ffentlichtVon},
  institution = {Institution},
  journal = {Journalname},
  key = {Sortierschluessel},
  lastchecked = {Abrufdatum},
  number = {Number},
  organization = {Organisation},
  pages = {134--164},
  publisher = {Verlag},
  series = {Titel der Reihe},
  timestamp = {2009.03.12},
  url = {http://www.meinedomain.tld},
  urn = {URN},
  volume = {Volume}
}

@PROCEEDINGS{KEYproceeding,
  title = {Titel Proceeding},
  year = {1978},
  editor = {Herausgeber},
  volume = {Volume},
  number = {Number},
  series = {Titel der Reihe},
  address = {Verlagsort},
  publisher = {Verlag},
  note = {Additional Notes you can add},
  month = {Monat},
  organization = {Organisation},
  author = {Autor1name, Vorname AND Nachname2, Zweitervorname AND Dritternachname,
	Nocheinvorname},
  booktitle = {Gesamttitel eines mehrbaendigen Werkes},
  chapter = {Kapitelnr},
  doi = {DOI},
  edition = {Edition},
  howpublished = {Ver�ffentlichtVon},
  institution = {Institution},
  isbn = {234ISBN543},
  issn = {553ISSN248},
  journal = {Journalname},
  key = {Sortierschluessel},
  lastchecked = {Abrufdatum},
  pages = {134--164},
  school = {Hochschule oder Uni},
  timestamp = {2009.03.12},
  type = {Publikationstyp},
  url = {http://www.meinedomain.tld},
  urn = {URN}
}

@STANDARD{KEYstandard,
  title = {Titel für einen Standard wie ISO},
  organization = {Organisation},
  institution = {Institution},
  author = {Autor1name, Vorname AND Nachname2, Zweitervorname AND Dritternachname,
	Nocheinvorname},
  howpublished = {VeröffentlichtVon},
  type = {Publikationstyp},
  number = {Number},
  address = {Verlagsort},
  month = {Monat},
  year = {1978},
  note = {Additional Notes you can add},
  url = {http://www.meinedomain.tld},
  booktitle = {Gesamttitel eines mehrbaendigen Werkes},
  chapter = {Kapitelnr},
  doi = {DOI},
  edition = {Edition},
  editor = {Herausgeber},
  isbn = {234ISBN543},
  issn = {553ISSN248},
  journal = {Journalname},
  key = {Sortierschluessel},
  lastchecked = {Abrufdatum},
  pages = {134--164},
  publisher = {Verlag},
  school = {Hochschule oder Uni},
  series = {Titel der Reihe},
  timestamp = {2009.03.12},
  urn = {URN},
  volume = {Volume}
}

@UNPUBLISHED{KEYunpublished,
  author = {Autor1name, Vorname AND Nachname2, Zweitervorname AND Dritternachname,
	Nocheinvorname},
  title = {Titel des unveroeffentlichten Unpublished},
  note = {Additional Notes you can add},
  month = {Monat},
  year = {1978},
  address = {Verlagsort},
  booktitle = {Gesamttitel eines mehrbaendigen Werkes},
  chapter = {Kapitelnr},
  doi = {DOI},
  edition = {Edition},
  editor = {Herausgeber},
  howpublished = {VeröffentlichtVon},
  institution = {Institution},
  isbn = {234ISBN543},
  issn = {553ISSN248},
  journal = {Journalname},
  key = {Sortierschluessel},
  lastchecked = {Abrufdatum},
  number = {Number},
  organization = {Organisation},
  pages = {134--164},
  publisher = {Verlag},
  school = {Hochschule oder Uni},
  series = {Titel der Reihe},
  timestamp = {2009.03.12},
  type = {Publikationstyp},
  url = {http://www.meinedomain.tld},
  urn = {URN},
  volume = {Volume}
}

@ELECTRONIC{Jarz2008,
  author = {Jarz, Ewald AND Lüthi, Johannes},
  month = {März},
  year = {2009},
  title = {Standard für wissenschaftliches Arbeiten},
  howpublished = {MOODLE Ressource},
  organization = {Hochschule Kufstein Tirol},
  address = {Kufstein},
  url = {https://learn.fh-kufstein.eu/course/view.php?id=374},
  lastchecked = {18.03.2009},
  owner = {fat},
  publisher = {Hochschule Kufstein Tirol},
  timestamp = {2009.03.18}
}

